@inproceedings{tml.js,
  title={Live programming for event-based languages},
  author={Schuster, Christopher and Flanagan, Cormac},
  booktitle={Proceedings of REBLS'15},
  volume={15},
  year={2015}
}

@inproceedings{tml.alive,
  title={It's alive! continuous feedback in UI programming},
  author={Burckhardt, Sebastian and others},
  booktitle={Proceedings of PLDI'13},
  pages={95--104},
  year={2013}
}

@inproceedings{gals,
  title={Symmetric distributed applications},
  author={Sant'Anna, Francisco and Santos, Rodrigo and Rodriguez, Noemi},
  booktitle={Proceedings of REBLS'21},
  pages={41--50},
  year={2021}
}

@article{p2p.automerge,
  title={A conflict-free replicated JSON datatype},
  author={Kleppmann, Martin and Beresford, Alastair R},
  journal={IEEE Transactions on Parallel and Distributed Systems},
  volume={28},
  number={10},
  pages={2733--2746},
  year={2017},
  publisher={IEEE}
}

@inproceedings{p2p.pushpin,
  title={PushPin: Towards production-quality peer-to-peer collaboration},
  author={van Hardenberg, Peter and Kleppmann, Martin},
  booktitle={Proceedings of the 7th Workshop on Principles and Practice of Consistency for Distributed Data},
  pages={1--10},
  year={2020}
}

@article{det,
  title={Parallel programming must be deterministic by default},
  author={Bocchino, Robert L and Adve, Vikram and Adve, Sarita and Snir, Marc},
  journal={Usenix HotPar},
  volume={6},
  year={2009}
}

@article{hypo,
  title={The synchronous hypothesis and synchronous languages},
  author={Potop-Butucaru, Dumitru and De Simone, Robert and Talpin, Jean-Pierre},
  journal={The embedded systems handbook},
  pages={1--21},
  year={2005},
  publisher={Citeseer}
}

@article{langs,
  title={The synchronous languages 12 years later},
  author={Benveniste, Albert and Caspi, Paul and Edwards, Stephen A and Halbwachs, Nicolas and Le Guernic, Paul and De Simone, Robert},
  journal={Proceedings of the IEEE},
  volume={91},
  number={1},
  pages={64--83},
  year={2003},
  publisher={IEEE}
}

@article{sync,
  title={The synchronous approach to reactive and real-time systems},
  author={Benveniste, Albert and Berry, G{\'e}rard},
  journal={Proceedings of the IEEE},
  volume={79},
  number={9},
  pages={1270--1282},
  year={1991},
  publisher={IEEE}
}

@inproceedings{schemes,
  title={Synchronous programming of reactive systems},
  author={Halbwachs, Nicolas},
  booktitle={International Conference on Computer Aided Verification},
  pages={1--16},
  year={1998},
  organization={Springer}
}

@article{gals.taxonomy,
  title={A survey and taxonomy of GALS design styles},
  author={Teehan, Paul and Greenstreet, Mark and Lemieux, Guy},
  journal={IEEE Design \& Test of Computers},
  volume={24},
  number={5},
  pages={418--428},
  year={2007},
  publisher={IEEE}
}

@article{gals.systemj,
  title={SystemJ: A GALS language for system level design},
  author={Malik, Avinash and Salcic, Zoran and Roop, Partha S and Girault, Alain},
  journal={Computer Languages, Systems \& Structures},
  volume={36},
  number={4},
  pages={317--344},
  year={2010},
  publisher={Elsevier}
}

@inproceedings{gals.crp,
  title={Communicating reactive processes},
  author={Berry, G{\'e}rard and Ramesh, S and Shyamasundar, RK},
  booktitle={Proceedings of the 20th ACM SIGPLAN-SIGACT symposium on Principles of programming languages},
  pages={85--98},
  year={1993}
}

@article{esterel,
  title={The Esterel synchronous programming language: Design, semantics, implementation},
  author={Berry, G{\'e}rard and Gonthier, Georges},
  journal={Science of computer programming},
  volume={19},
  number={2},
  pages={87--152},
  year={1992},
  publisher={Elsevier}
}

@inproceedings{argos,
  title={The Argos language: Graphical representation of automata and description of reactive systems},
  author={Maraninchi, Florence},
  booktitle={IEEE Workshop on Visual Languages},
  volume={3},
  year={1991},
  organization={Citeseer}
}

@article{csp,
  title={Communicating sequential processes},
  author={Hoare, Charles Antony Richard},
  journal={Communications of the ACM},
  volume={21},
  number={8},
  pages={666--677},
  year={1978},
  publisher={ACM New York, NY, USA}
}

@techreport{gals.pals,
  title={PALS: Physically asynchronous logically synchronous systems},
  author={Sha, Lui and Al-Nayeem, Abdullah and Sun, Mu and Meseguer, Jose and Olveczky, Peter C},
  year={2009}
}

@article{gals.crsm,
  title={Communicating reactive state machines: Design, model and implementation},
  author={Ramesh, S},
  journal={IFAC Proceedings Volumes},
  volume={31},
  number={32},
  pages={105--110},
  year={1998},
  publisher={Elsevier}
}

@article{lamport,
  title={How to make a multiprocessor computer that correctly executes multiprocess progranm},
  author={Lamport, Leslie},
  journal={IEEE transactions on computers},
  volume={28},
  number={09},
  pages={690--691},
  year={1979},
  publisher={IEEE Computer Society}
}

@inproceedings{croquet,
  title={Croquet-a collaboration system architecture},
  author={Smith, David A and Kay, Alan and Raab, Andreas and Reed, David P},
  booktitle={First Conference on Creating, Connecting and Collaborating Through Computing, 2003. C5 2003. Proceedings.},
  pages={2--9},
  year={2003},
  organization={IEEE}
}

@inproceedings{tbag,
  title={TBAG: A high level framework for interactive, animated 3D graphics applications},
  author={Elliott, Conal and Schechter, Greg and Yeung, Ricky and Abi-Ezzi, Salim},
  booktitle={Proceedings of the 21st annual conference on Computer graphics and interactive techniques},
  pages={421--434},
  year={1994}
}

@inproceedings{mars,
  title={A GALS Approach for Programming Distributed Interactive Multimedia Applications},
  author={Santos, Rodrigo CM and Santâ€™Anna, Francisco and Rodriguez, Noemi},
  booktitle={Anais Estendidos do XXIII Simp{\'o}sio Brasileiro de Sistemas Multim{\'\i}dia e Web},
  pages={52--57},
  year={2017},
  organization={SBC}
}

@inproceedings{crdts,
  title={Conflict-free replicated data types},
  author={Shapiro, Marc and Pregui{\c{c}}a, Nuno and Baquero, Carlos and Zawirski, Marek},
  booktitle={Symposium on Self-Stabilizing Systems},
  pages={386--400},
  year={2011},
  organization={Springer}
}

@article{crdts.eventual,
  title={CRDTs: Consistency without concurrency control},
  author={Letia, Mihai and Pregui{\c{c}}a, Nuno and Shapiro, Marc},
  journal={arXiv preprint arXiv:0907.0929},
  year={2009}
}

@article{crdts.consensus,
  title={Merkle-CRDTs: Merkle-DAGs meet CRDTs},
  author={Sanju{\'a}n, H{\'e}ctor and Poyhtari, Samuli and Teixeira, Pedro and Psaras, Ioannis},
  journal={arXiv preprint arXiv:2004.00107},
  year={2020}
}

@inproceedings{local,
  title={Local-first software: you own your data, in spite of the cloud},
  author={Kleppmann, Martin and Wiggins, Adam and van Hardenberg, Peter and McGranaghan, Mark},
  booktitle={Proceedings of Onward'19},
  pages={154--178},
  year={2019}
}

@inproceedings{netem,
  title={Network emulation with NetEm},
  author={Hemminger, Stephen and others},
  booktitle={Linux conf au},
  volume={5},
  pages={2005},
  year={2005},
  organization={Citeseer}
}

@misc{fusion,
  title = {Fusion: a high performance state synchronization networking library for Unity},
  howpublished = {\url{https://doc.photonengine.com/en-us/fusion}},
  note = {Accessed: 2022-10-29}
}

@misc{croquet.site,
  title = {Fusion: a high performance state synchronization networking library for Unity},
  howpublished = {\url{https://croquet.io/docs/croquet/}},
  note = {Accessed: 2022-10-29}
}

@article{meyer,
  title={The power of abstraction, reuse, and simplicity: An object-oriented library for event-driven design},
  author={Meyer, Bertrand},
  booktitle={From Object-Orientation to Formal Methods},
  pages={236--271},
  year={2004},
  publisher={Springer}
}

@article{nystrom,
  title={Game programming patterns},
  author={Nystrom, Robert},
  year={2014},
  publisher={Genever Benning}
}

@article{threads,
  title={The problem with threads},
  author={Lee, Edward A},
  journal={Computer},
  volume={39},
  number={5},
  pages={33--42},
  year={2006},
  publisher={IEEE}
}

@inproceedings{events,
  title={Event-driven programming for robust software},
  author={Dabek, Frank and Zeldovich, Nickolai and Kaashoek, Frans and Mazieres, David and Morris, Robert},
  booktitle={Proceedings of ACM SIGOPS'02},
  pages={186--189},
  year={2002}
}

@article{p2p.survey,
  title={A survey of peer-to-peer content distribution technologies},
  author={Androutsellis-Theotokis, Stephanos and Spinellis, Diomidis},
  journal={ACM computing surveys (CSUR)},
  volume={36},
  number={4},
  pages={335--371},
  year={2004},
  publisher={ACM New York, NY, USA}
}
